@article{arenas2007size,
  title={Size reduction of complex networks preserving modularity},
  author={Arenas, Alex and Duch, Jordi and Fern{\'a}ndez, Alberto and G{\'o}mez, Sergio},
  journal={New Journal of Physics},
  volume={9},
  number={6},
  pages={176},
  year={2007},
  publisher={IOP Publishing}
}

@article{blondel2008fast,
  title={Fast unfolding of communities in large networks},
  author={Blondel, Vincent D and Guillaume, Jean-Loup and Lambiotte, Renaud and Lefebvre, Etienne},
  journal={Journal of statistical mechanics: theory and experiment},
  volume={2008},
  number={10},
  pages={P10008},
  year={2008},
  publisher={IOP Publishing}
}

@article{dugue2022direction,
  title={Direction matters in complex networks: A theoretical and applied study for greedy modularity optimization},
  author={Dugu{\'e}, Nicolas and Perez, Anthony},
  journal={Physica A: Statistical Mechanics and its Applications},
  volume={603},
  pages={127798},
  year={2022},
  publisher={Elsevier}
}


@inproceedings{richardson2003trust,
  title={Trust management for the semantic web},
  author={Richardson, Matthew and Agrawal, Rakesh and Domingos, Pedro},
  booktitle={International semantic Web conference},
  pages={351--368},
  year={2003},
  organization={Springer}
}

@article{de2014trust,
  title={Trust and compactness in social network groups},
  author={De Meo, Pasquale and Ferrara, Emilio and Rosaci, Domenico and Sarn{\'e}, Giuseppe ML},
  journal={IEEE transactions on cybernetics},
  volume={45},
  number={2},
  pages={205--216},
  year={2014},
  publisher={IEEE}
}

@article{golzardi2023trtcd,
  title={TRTCD: Trust route prediction based on trusted community detection},
  author={Golzardi, Elaheh and Sheikhahmadi, Amir and Abdollahpouri, Alireza},
  journal={Multimedia Tools and Applications},
  volume={82},
  number={27},
  pages={41571--41607},
  year={2023},
  publisher={Springer}
}

@book{leskovec2008dynamics,
  title={Dynamics of large networks},
  author={Leskovec, Jurij},
  year={2008},
  publisher={Carnegie Mellon University}
}

@article{como2016threshold,
  title={Threshold models of cascades in large-scale networks},
  author={Como, Giacomo and Rossi, Wilbert Samuel and Fagnani, Fabio},
  journal={arXiv preprint arXiv:1604.05490},
  year={2016}
}

@article{liu2020collaborative,
  title={Collaborative Filtering Recommendation Algorithm Based on Multi-relationship Social Network.},
  author={Liu, Yue and Yang, Hua and Sun, Gengxin and Bin, Sheng},
  journal={Ing{\'e}nierie des Syst{\`e}mes d'Information},
  volume={25},
  number={3},
  year={2020}
}

@article{atdag2021computational,
  title={Computational models for commercial advertisements in social networks},
  author={Atdag, Samet and Bingol, Haluk O},
  journal={Physica A: Statistical Mechanics and its Applications},
  volume={572},
  pages={125916},
  year={2021},
  publisher={Elsevier}
}
@article{nzeko2024time,
  title={Time and content aware implicit social influence estimation to enhance trust-based recommender systems.},
  author={Nzeko'o, Armel Jacques Nzekon and Hamza, Adamou and Nguele, Thomas Messi and Tchamba, Bleriot Pagnaul Betndam},
  journal={},
  year={2024}
}
